@unpublished{reed:2007,
  author =       {Reed, Jason},
  title =        {{TinyLF}: A Compact Definition of a Logical Framework},
  year =         2007,
  note =
                  {\url{http://www.cs.cmu.edu/~jcreed/papers/tinylf.pdf}}
}

@inproceedings{fiore:2008,
  author =       {Fiore, Marcelo},
  booktitle =    {2008 23rd Annual IEEE Symposium on Logic in Computer
                  Science},
  title =        {Second-Order and Dependently-Sorted Abstract Syntax},
  year =         2008,
  pages =        {57-68},
  keywords =     {category theory;computational linguistics;process
                  algebra;sorting;categorical
                  algebra;dependently-sorted abstract
                  syntax;mathematical theory;model theory;second-order
                  abstract syntax;second-order syntactic
                  theory;Algebra;Computer science;Laboratories;Logic
                  functions;MONOS devices;Mathematical
                  model;Sorting;abstract
                  syntax;alpha-equivalence;categorical
                  algebra;dependently-sorted
                  syntax;meta-substitution;metavariable;second-order
                  syntax;substitution;variable binding},
  doi =          {10.1109/LICS.2008.38},
  ISSN =         {1043-6871},
  month =        {June},
}
